@article{axelrod1981,
  title={The evolution of cooperation},
  author={Axelrod, Robert and Hamilton, William D.},
  journal={Science},
  volume={211},
  number={4489},
  pages={1390--1396},
  year={1981},
  publisher={American Association for the Advancement of Science}
}

@article{babiak1995,
  title={When psychopaths go to work: A case study of an industrial psychopath},
  author={Babiak, Paul},
  journal={Applied Psychology},
  volume={44},
  number={2},
  pages={171--188},
  year={1995},
  publisher={Wiley Online Library}
}

@article{boddy2006,
  title={The dark side of management decisions: Organisational psychopaths},
  author={Boddy, Clive Roland},
  journal={Management Decision},
  volume={44},
  number={10},
  pages={1461--1475},
  year={2006},
  publisher={Emerald Group Publishing Limited}
}

@article{boddy2010,
  title={Leaders without ethics in global business: Corporate psychopaths},
  author={Boddy, Clive RP and Ladyshewsky, Richard and Galvin, Peter},
  journal={Journal of Public Affairs},
  volume={10},
  number={3},
  pages={121--138},
  year={2010},
  publisher={Wiley Online Library}
}

@book{botton2013,
  title={Religion for Atheists: A Non-Believer's Guide to the Uses of Religion},
  author={Alain de Botton},
  isbn={9780771025983},
  url={http://books.google.nl/books?id=uctQMAEACAAJ},
  year={2013},
  publisher={McClelland \& Stewart}
}
@article{brinck2007,
  title={Situated cognition, dynamic systems and art},
  author={Brinck, Ingar},
  journal={Janushead},
  pages={407--431},
  year={2007},
  publisher={Trivium Publ., Amherst Ny}
}

@book{collins2013,
  title={Paleopoetics: The Evolution of the Preliterate Imagination},
  author={Collins, Christopher},
  year={2013},
  publisher={Columbia University Press}
}

@book{dawkins1976,
  title={The Selfish Gene},
  author={Richard Dawkins},
  year={1976},
  publisher={Oxford University Press, Oxford}
}

@article{dennett2002,
Author = {Dennett, DC},
Title = {Unto others: The evolution and psychology of unselfish behavior},
Journal = {philosophy and Phenomenological Research},
Year = {2002},
Volume = {65},
Number = {{3}},
Pages = {692-696},
Month = {Nov},
DOI = {10.1111/j.1933-1592.2002.tb00234.x},
ISSN = {0031-8205},
Unique-ID = {ISI:000179890300015},
}

@book{donald1991,
  title={Origins of the modern mind: Three stages in the evolution of culture and cognition},
  author={Donald, Merlin},
  year={1991},
  publisher={Harvard University Press}
}

@article{donald1993,
  title={Pr\'{e}cis of Origins of the modern mind: Three stages in the evolution of culture and cognition},
  author={Donald, Merlin},
  journal={Behavioral and Brain Sciences},
  volume={16},
  number={04},
  pages={737--748},
  year={1993},
  publisher={Cambridge Univ Press}
}

@book{donald2001,
  title={A mind so rare: The evolution of human consciousness},
  author={Donald, Merlin},
  year={2001},
  publisher={WW Norton \& Company}
}

@inbook{donald2004,
  title={The development of the mediated mind},
  chapter={The Virtues of Rigorous Interdisciplinarity},
  pages={245--256},
  author={Merln Donald},
  editor={Lucariello, Joan M and Hudson, Judith A and Fivush, Robyn and Bauer, Patricia J},
  year={2004},
  publisher={Mahwah, NJ: LEA}
}

@article{gilchrist2004a,
  title={Pup escorting in the communal breeding banded mongoose: behavior, benefits, and maintenance},
  author={Gilchrist, Jason S.},
  journal={Behavioral Ecology},
  volume={15},
  number={6},
  pages={952--960},
  year={2004},
  publisher={ISBE}
}

@article{gilchrist2004b,
  title={Why breed communally? Factors affecting fecundity in a communal breeding mammal: the banded mongoose (Mungos mungo)},
  author={Gilchrist, Jason S. and Otali, Emily and Mwanguhya, Francis},
  journal={Behavioral Ecology and Sociobiology},
  volume={57},
  number={2},
  pages={119--131},
  year={2004},
  publisher={Springer}
}

@article{hamilton1964,
  title={The genetical evolution of social behaviour. I},
  author={Hamilton, William D.},
  journal={Journal of theoretical biology},
  volume={7},
  number={1},
  pages={1--16},
  year={1964},
  publisher={Elsevier}
}

@article{iucn2009,
  title={Extinction crisis continues apace},
  author={IUCN, International Union for Conservation of Nature},
  year={2009},
  month={Nov},
  url={http://www.iucn.org/?4143/Extinction-crisis-continues-apace},
}


@article{hodge2005,
  title={Helpers benefit offspring in both the short and long-term in the cooperatively breeding banded mongoose},
  author={Hodge, Sarah J.},
  journal={Proceedings of the Royal Society B: Biological Sciences},
  volume={272},
  number={1580},
  pages={2479--2484},
  year={2005},
  publisher={The Royal Society}
}

@article{jablonka2007,
  title={Pr{\'e}cis of evolution in four dimensions},
  author={Jablonka, Eva and Lamb, Marion J.},
  journal={Behavioral and brain sciences},
  volume={30},
  number={04},
  pages={353--365},
  year={2007},
  publisher={Cambridge Univ Press}
}

@article{kirkman2005,
  title={From soap opera to science: Towards gaining access to the psychopaths who live amongst us},
  author={Kirkman, Christine A},
  journal={Psychology and Psychotherapy: Theory, Research and Practice},
  volume={78},
  number={3},
  pages={379--396},
  year={2005},
  publisher={Wiley Online Library}
}

@book{laberge1990,
  title={Exploring the world of lucid dreaming},
  author={LaBerge, Stephen and Rheingold, Howard},
  year={1990},
  publisher={Ballantine Books New York}
}

@article{mesoudi2006,
  title={Towards a unified science of cultural evolution},
  author={Mesoudi, Alex and Whiten, Andrew and Laland, Kevin N.},
  journal={Behavioral and Brain Sciences},
  volume={29},
  number={04},
  pages={329--347},
  year={2006},
  publisher={Cambridge Univ. Press}
}

@article{pimm1995,
  title={The future of biodiversity},
  author={Pimm, Stuart L and Russell, Gareth J and Gittleman, John L and Brooks, Thomas M},
  journal={Science-AAAS-Weekly Paper Edition},
  volume={269},
  number={5222},
  pages={347--349},
  year={1995},
  publisher={New York, NY:[sn] 1880-}
}

@article{quinn1992,
  title={Ishmael},
  author={Quinn, Daniel},
  year={1992},
  publisher={Bentam/Turner Books},
  isbn={0553078755},
}

@article{revkin2011,
  title={Confronting the ‘Anthropocene’},
  author={Revkin, Andrew C.},
  year={2011},
  month={May},
  journal={New York Times},
  url={http://dotearth.blogs.nytimes.com/2011/05/11/confronting-the-anthropocene/},
}

@book{sapolsky2004,
  title={Why Zebras Don't Get Ulcers},
  author={Robert M. Sapolsky},
  year={2004},
  publisher={Henry Holt and Company, New York},
  isbn={9780805073690},
}

@book{sober1999,
  title={Unto Others: The Evolution and Psychology of Unselfish Behavior},
  author={Sober, E. and Wilson, D.S.},
  isbn={9780674930476},
  lccn={97042185},
  url={http://books.google.nl/books?id=ouwg5swAV5oC},
  year={1999},
  publisher={Harvard University Press},
}

@article{trivers1971,
  title={The evolution of reciprocal altruism},
  author={Trivers, Robert L},
  journal={Quarterly review of biology},
  pages={35--57},
  year={1971},
  publisher={JSTOR}
}

@article{turner2006,
  title={The artful mind},
  author={Turner, Mark},
  journal={Cognitive science and the riddle of human creativity},
  year={2006}
}

@book{waal1996,
  title={Van nature goed: over de oorsprong van goed en kwaad in mensen en andere dieren},
  author={Frans de Waal and Fieke Lakmaker},
  year={1996},
  publisher={Contact},
}

@article{wilson2002,
Author = {Wilson, DS and Sober, E},
Title = {{Précis of ‘Unto Others, The Evolution and Psychology of Unselfish
   Behavior’}},
Journal = {{Philosophy and Phenomenological Research}},
Year = {{2002}},
Volume = {{65}},
Number = {{3}},
Pages = {{681-684}},
Month = {{NOV}},
DOI = {{10.1111/j.1933-1592.2002.tb00232.x}},
ISSN = {{0031-8205}},
Unique-ID = {{ISI:000179890300013}}
}

@article{zywicki2000,
  title={“Was Hayek Right About Group Selection After All?” Review Essay of Unto Others: The Evolution and Psychology of Unselfish Behavior, by Elliott Sober and David Sloan Wilson},
  author={Zywicki, Todd J.},
  journal={The Review of Austrian Economics},
  volume={13},
  number={1},
  pages={81--95},
  year={2000},
  publisher={Springer}
}
